@article{cleve91,
  title={Towards optimal simulations of formulas by bounded-width programs},
  author={Cleve, R.},
  journal={Computational Complexity},
  volume={1},
  number={1},
  pages={91--105},
  year={1991},
  publisher={Springer}
}

@misc{davidgoliath,
  title={David \& Goliath Oblivious Affine Function Evaluation--Asymptotically Optimal Building Blocks for Universally Composable Two-Party Computation from a Single Untrusted Stateful Tamper-Proof Hardware Token},
  author={D{\"o}ttling, N. and Kraschewski, D. and M{\"u}ller-Quade, J.},
  year={2012}
}

@article{cramer03,
  title={Efficient multi-party computation over rings},
  author={Cramer, R. and Fehr, S. and Ishai, Y. and Kushilevitz, E.},
  journal={Advances in Cryptologyâ€”EUROCRYPT 2003},
  pages={642--642},
  year={2003},
  publisher={Springer}
}

@misc{gac2012,
    author = {Benny Applebaum and Yuval Ishai and Eyal Kushilevitz},
    title = {How to Garble Arithmetic Circuits},
    howpublished = {Cryptology ePrint Archive, Report 2012/255},
    year = {2012},
    url = {http://eprint.iacr.org/2012/255.pdf}
}

@article{canetti05,
  title={Universally composable password-based key exchange},
  author={Canetti, R. and Halevi, S. and Katz, J. and Lindell, Y. and MacKenzie, P.},
  journal={Advances in Cryptology--Eurocrypt 2005},
  pages={557--557},
  year={2005},
  publisher={Springer},
  url = {http://eprint.iacr.org/2005/196.pdf}
}
